<?xml version="1.0" encoding="UTF-8"?><collection xmlns="http://www.loc.gov/MARC21/slim"><record><leader>00607nam--2200217-u-4500</leader><controlfield tag="001">000050652</controlfield><controlfield tag="002">20161230</controlfield><controlfield tag="005">20161230201048</controlfield><controlfield tag="008">080227s1000------------r-----000-0-eng-d</controlfield><datafield ind1=" " ind2=" " tag="020"><subfield code="a">9810245513</subfield></datafield><datafield ind1=" " ind2=" " tag="040"><subfield code="a">IFIN-HH</subfield></datafield><datafield ind1=" " ind2=" " tag="080"><subfield code="a">536.75:519.71</subfield></datafield><datafield ind1="1" ind2=" " tag="100"><subfield code="a">Saridis,George N</subfield></datafield><datafield ind1="1" ind2="0" tag="245"><subfield code="a">Entropy in Control Engineering</subfield><subfield code="c">George N. Saridis</subfield></datafield><datafield ind1=" " ind2=" " tag="260"><subfield code="a">Singapore</subfield><subfield code="b">World Scientific</subfield><subfield code="c">2001</subfield></datafield><datafield ind1=" " ind2=" " tag="300"><subfield code="a">134 p</subfield></datafield><datafield ind1=" " ind2=" " tag="490"><subfield code="a">Intelligent Control and Intelligent Automation</subfield><subfield code="v">v.12</subfield></datafield><datafield ind1=" " ind2=" " tag="504"><subfield code="a">Includes Index</subfield></datafield><datafield ind1=" " ind2="4" tag="650"><subfield code="a">Reliability as Entropy</subfield></datafield><datafield ind1=" " ind2=" " tag="852"><subfield code="a">81930</subfield><subfield code="c">536.7</subfield></datafield><datafield ind1=" " ind2=" " tag="CAT"><subfield code="a">Sys</subfield><subfield code="c">20110103</subfield><subfield code="h">105336</subfield></datafield></record></collection>